<record><leader>00000cas a22000007a 4500</leader><controlfield tag="001">13882443</controlfield><controlfield tag="008">860717d19081uuutxuuu ne      0    0eng d</controlfield><datafield ind1=" " ind2=" " tag="010"><subfield code="a">sn 86088233 </subfield></datafield><datafield ind1=" " ind2=" " tag="040"><subfield code="a">PPM</subfield><subfield code="b">eng</subfield><subfield code="c">PPM</subfield><subfield code="d">OCLCQ</subfield></datafield><datafield ind1=" " ind2=" " tag="042"><subfield code="a">msc</subfield></datafield><datafield ind1="0" ind2="4" tag="245"><subfield code="a">The Avoca telegram.</subfield></datafield><datafield ind1=" " ind2=" " tag="260"><subfield code="a">Avoca, Tex. :</subfield><subfield code="b">H.H. Hall</subfield></datafield><datafield ind1=" " ind2=" " tag="300"><subfield code="a">v. :</subfield><subfield code="b">ill.</subfield></datafield><datafield ind1="1" ind2=" " tag="362"><subfield code="a">Began in 1908?</subfield></datafield><datafield ind1=" " ind2=" " tag="500"><subfield code="a">"Devoted to the upbuilding of Avoca and Surrounding Country."</subfield></datafield><datafield ind1=" " ind2=" " tag="588"><subfield code="a">Description based on: Vol. 5, no. 38 (July 26, 1912).</subfield></datafield><datafield ind1=" " ind2=" " tag="752"><subfield code="a">United States</subfield><subfield code="b">Texas</subfield><subfield code="c">Jones</subfield><subfield code="d">Avoca.</subfield></datafield></record>